<collection xmlns="http://www.loc.gov/MARC21/slim">
<record>
  <leader>01905nam0a2200373 i 450 </leader>
  <controlfield tag="001">IT\ICCU\CNCE\000044</controlfield>
  <controlfield tag="005">20071113000000.0</controlfield>
  <datafield tag="012" ind1=" " ind2=" ">
    <subfield code="a">o.ro o.ta o,o, PeEi (C) 1550 (A)</subfield>
    <subfield code="2">fei</subfield>
  </datafield>
  <datafield tag="100" ind1=" " ind2=" ">
    <subfield code="a">19970101d1550        0itac0103    ba</subfield>
  </datafield>
  <datafield tag="101" ind1=" " ind2=" ">
    <subfield code="a">ITA</subfield>
  </datafield>
  <datafield tag="102" ind1=" " ind2=" ">
    <subfield code="a">IT</subfield>
  </datafield>
  <datafield tag="200" ind1="1" ind2=" ">
    <subfield code="a">Comedia del sacrificio de gli Intronati. Celebrato nei giuochi d&apos;un carnouale in Siena</subfield>
  </datafield>
  <datafield tag="210" ind1=" " ind2=" ">
    <subfield code="a">In Vineggia</subfield>
    <subfield code="c">appresso di Agostino Bindoni</subfield>
    <subfield code="d">1550</subfield>
  </datafield>
  <datafield tag="215" ind1=" " ind2=" ">
    <subfield code="a">\68! c.</subfield>
    <subfield code="d">8ʻ</subfield>
  </datafield>
  <datafield tag="300" ind1=" " ind2=" ">
    <subfield code="a">Contiene anche: Gli Ingannati</subfield>
  </datafield>
  <datafield tag="620" ind1=" " ind2=" ">
    <subfield code="a">IT</subfield>
    <subfield code="d">Venezia</subfield>
  </datafield>
  <datafield tag="710" ind1="0" ind2="2">
    <subfield code="a">Accademia degli Intronati</subfield>
    <subfield code="c"> &lt;Siena&gt;</subfield>
    <subfield code="3">IT\ICCU\CNCT\000407</subfield>
  </datafield>
  <datafield tag="712" ind1="0" ind2="0">
    <subfield code="a">Bindoni, Agostino</subfield>
    <subfield code="3">IT\ICCU\CNCT\000031</subfield>
    <subfield code="4">650</subfield>
  </datafield>
  <datafield tag="791" ind1="0" ind2="0">
    <subfield code="a">Bindonus, Augustinus</subfield>
    <subfield code="3">IT\ICCU\CNCT\004373</subfield>
    <subfield code="z">Bindoni, Agostino</subfield>
  </datafield>
  <datafield tag="791" ind1="0" ind2="0">
    <subfield code="a">Bindonis, Augustinus de</subfield>
    <subfield code="3">IT\ICCU\CNCT\004374</subfield>
    <subfield code="z">Bindoni, Agostino</subfield>
  </datafield>
  <datafield tag="791" ind1="0" ind2="0">
    <subfield code="a">Bendonus, Augustinus</subfield>
    <subfield code="3">IT\ICCU\CNCT\004375</subfield>
    <subfield code="z">Bindoni, Agostino</subfield>
  </datafield>
  <datafield tag="791" ind1="0" ind2="2">
    <subfield code="a">Agostino Milanese</subfield>
    <subfield code="3">IT\ICCU\CNCT\006177</subfield>
    <subfield code="z">Bindoni, Agostino</subfield>
  </datafield>
  <datafield tag="791" ind1="0" ind2="0">
    <subfield code="a">Milano, Agostino da</subfield>
    <subfield code="3">IT\ICCU\CNCT\006178</subfield>
    <subfield code="z">Bindoni, Agostino</subfield>
  </datafield>
  <datafield tag="791" ind1="0" ind2="0">
    <subfield code="a">Milanese, Agostino</subfield>
    <subfield code="3">IT\ICCU\CNCT\006179</subfield>
    <subfield code="z">Bindoni, Agostino</subfield>
  </datafield>
  <datafield tag="801" ind1=" " ind2="3">
    <subfield code="a">IT</subfield>
    <subfield code="b">ICCU</subfield>
    <subfield code="c">20201113</subfield>
  </datafield>
  <datafield tag="899" ind1=" " ind2=" ">
    <subfield code="a">Biblioteca di Casa Carducci. Bologna</subfield>
    <subfield code="1">BO0283</subfield>
    <subfield code="2">UBO GC</subfield>
  </datafield>
  <datafield tag="899" ind1=" " ind2=" ">
    <subfield code="a">Biblioteca nazionale Braidense. Milano</subfield>
    <subfield code="1">MI0185</subfield>
    <subfield code="2">MIL NB</subfield>
  </datafield>
  <datafield tag="899" ind1=" " ind2=" ">
    <subfield code="a">Biblioteca musicale governativa del Conservatorio di musica S. Cecilia. Roma</subfield>
    <subfield code="1">RM0266</subfield>
    <subfield code="2">RMR SC</subfield>
  </datafield>
  <datafield tag="899" ind1=" " ind2=" ">
    <subfield code="a">Biblioteca e Museo teatrale del Burcardo. Roma</subfield>
    <subfield code="1">RM0279</subfield>
    <subfield code="2">RMR BU</subfield>
  </datafield>
  <datafield tag="899" ind1=" " ind2=" ">
    <subfield code="a">Biblioteca comunale degli Intronati. Siena</subfield>
    <subfield code="1">SI0046</subfield>
    <subfield code="2">RT1 QI</subfield>
  </datafield>
  <datafield tag="899" ind1=" " ind2=" ">
    <subfield code="a">Biblioteca Storica di Ateneo &quot;Arturo Graf&quot;. Torino</subfield>
    <subfield code="1">TO0529</subfield>
    <subfield code="2">UTO 23</subfield>
  </datafield>
  <datafield tag="899" ind1=" " ind2=" ">
    <subfield code="a">Biblioteca nazionale Marciana. Venezia</subfield>
    <subfield code="1">VE0049</subfield>
    <subfield code="2">VEA BM</subfield>
  </datafield>
  <datafield tag="911" ind1=" " ind2=" ">
    <subfield code="a">nel front.</subfield>
    <subfield code="9">IT\ICCU\CNCM\000698</subfield>
  </datafield>
  <datafield tag="921" ind1=" " ind2=" ">
    <subfield code="a">IT\ICCU\CNCM\000698</subfield>
    <subfield code="b">Giustizia (donna seduta in una nicchia con spada e bilancia).</subfield>
    <subfield code="c">V282</subfield>
    <subfield code="c">Z689</subfield>
    <subfield code="d">Dimensioni: 7 x 7,8</subfield>
    <subfield code="f">BILANCIA</subfield>
    <subfield code="f">GIUSTIZIA</subfield>
    <subfield code="f">SPADA</subfield>
    <subfield code="g">1549-1558</subfield>
  </datafield>
</record>
</collection>
